3016 5026
490 328 496 335 “
575 317 666 386 LIB.
691 319 715 389 1.
760 317 864 389 SAT.
887 328 917 385 a

173 488 293 554 Altera
314 487 360 553 nil
383 488 516 554 obstat:
540 490 618 554 Cois
640 490 701 556 tibi
724 512 828 575 paene
850 488 960 555 videre
982 497 1032 554 est

176 593 225 657 Ut
248 594 381 670 nudam,
403 613 445 657 ne
468 613 560 657 crure
584 593 681 671 malo,
703 615 745 658 ne
768 595 810 659 sit
833 593 918 677 pede
939 592 1049 677 turpi;

176 696 288 760 Metiri
311 696 419 778 possis
442 695 538 762 oculo
562 696 656 767 latus.
702 696 760 762 An
783 697 845 762 tibi
867 697 972 769 mavis

175 798 316 863 Insidias
337 798 407 863 fieri
429 800 638 883 pretiumque
660 799 794 864 avellier
815 809 894 866 ante

174 902 285 985 Quam
309 923 451 968 mercem
475 905 628 968 ostendi?
658 903 844 986 ‘Leporem
867 912 1007 968 venator
1030 912 1066 969 ut
1089 902 1158 969 alta
1274 928 1320 980 105

176 1005 214 1068 In
237 1007 311 1070 nive
333 1015 484 1084 sectetur,
507 1007 654 1090 positum
676 1008 724 1072 sic
746 1017 881 1091 tangere
903 1005 1007 1085 nolit‚’

176 1108 297 1173 Cantat
320 1119 353 1173 et
375 1111 532 1195 apponit:
556 1111 683 1175 ‘Meus‘
697 1123 746 1176 est
768 1131 862 1175 amor
884 1108 960 1177 huic
983 1109 1098 1176 similis
1110 1130 1119 1190 ;
1142 1130 1219 1175 nam

175 1210 370 1281 Transvolat
397 1215 429 1277 in
453 1214 562 1281 medio
584 1216 693 1297 posita
716 1225 750 1279 et
772 1214 932 1298 fugientia
954 1213 1086 1301 captat!

176 1315 311 1380 Hiscine
333 1316 502 1382 versiculis
524 1338 637 1401 speras
659 1318 720 1382 tibi
742 1338 839 1400 posse
861 1318 994 1383 dolores

174 1419 292 1502 Atque
313 1430 425 1486 aestus
447 1441 608 1504 curasque
628 1440 745 1504 graves
766 1442 786 1485 e
808 1432 943 1506 pectore
965 1421 1066 1506 pelli?
1273 1446 1321 1482 110

175 1524 297 1588 Nonne
320 1526 528 1609 cupidinibus
550 1534 677 1591 statuat
698 1535 817 1591 natura
840 1527 977 1593 modum
1000 1545 1108 1612 quem,

175 1626 266 1710 Quid
290 1627 397 1693 latura
419 1630 482 1693 sibi
505 1629 585 1712 quid
607 1630 650 1695 sit
672 1629 816 1695 dolitura
838 1640 1005 1714 negatum,

175 1730 342 1813 Quaerere
365 1731 439 1816 plus
461 1733 596 1816 prodest
620 1743 653 1797 et
676 1733 774 1798 inane
796 1733 989 1799 abscindere
1009 1733 1126 1799 soldo?

175 1834 268 1898 Num
292 1835 354 1899 tibi
377 1856 452 1900 cum
475 1835 585 1903 fauces
607 1837 672 1901 urit
694 1837 765 1903 sitis
788 1858 887 1903 aurea
909 1837 1038 1924 quaeris

171 1938 324 2008 Pocula?
347 1960 427 2004 num
449 1940 595 2006 esuriens
617 1941 744 2006 fastidis
765 1941 877 2006 omnia
899 1950 1030 2026 praeter
1276 1966 1323 2016 ιη

178 2041 344 2106 Pavonem
368 2041 634 2126 rhombumque?
673 2043 820 2109 Tument
842 2045 904 2110 tibi
927 2064 1002 2109 cum
1026 2044 1167 2128 inguina,
1194 2063 1274 2107 num
1297 2043 1324 2106 si

174 2145 310 2213 Ancilla
331 2156 389 2211 aut
411 2168 511 2212 verna
534 2156 583 2213 est
606 2158 737 2231 praesto
759 2169 841 2233 puer
864 2148 1008 2235 impetus
1030 2148 1064 2213 iu
1086 2168 1185 2232 quem

180 2250 348 2314 Continuo
372 2249 430 2314 fiat
453 2250 550 2314 malis
570 2252 732 2335 tentigine
755 2251 884 2336 rumpi?

177 2354 255 2417 Non
278 2374 361 2437 ego:
385 2374 529 2436 namque
550 2354 732 2438 parabilem
755 2375 832 2419 amo
854 2375 1009 2420 venerem
1031 2354 1238 2437 facilemque.

178 2455 284 2532 lllam,
307 2456 406 2521 ‘Post
430 2456 548 2539 paulo‚’
572 2457 662 2523 ‘Sed
684 2456 806 2543 pluris,'
830 2457 887 2523 ‘Si
911 2459 1029 2523 exierit
1050 2456 1118 2534 vir,’
1277 2483 1324 2517 120

177 2560 290 2641 Gallis,
312 2563 397 2627 hanc
421 2562 634 2627 Philodemus
656 2565 704 2628 ait
727 2565 790 2628 sibi
812 2584 899 2648 quae
921 2584 1029 2646 neque
1052 2583 1174 2648 magno

179 2664 255 2730 Stet
278 2668 385 2749 pretio
409 2686 515 2747 neque
538 2678 710 2732 cunctetur
733 2688 809 2731 cum
832 2678 883 2732 est
907 2666 994 2731 iussa
1016 2667 1136 2731 venire.

179 2767 329 2831 Candida
353 2777 508 2851 rectaque
530 2769 592 2844 sit;
616 2771 738 2835 munda
761 2770 920 2835 hactenus
943 2779 980 2834 ut
1002 2789 1109 2854 neque
1131 2770 1231 2853 longa

180 2871 252 2937 Nec
274 2871 380 2955 magis
403 2871 480 2936 alba
503 2872 583 2936 velit
606 2893 706 2954 quam
729 2875 789 2938 dat
811 2886 928 2938 natura
946 2873 1060 2939 videri.

179 2974 276 3039 Haec
297 2977 352 3040 ubi
376 2976 551 3061 supposuit
574 2978 696 3040 dextro
718 2997 836 3059 corpus
860 2977 941 3042 mihi
963 2977 1093 3042 laevum
1280 2999 1324 3049 125

179 3077 242 3141 Ilia
264 3087 298 3142 et
321 3080 443 3163 Egeria
466 3090 535 3144 est:
559 3081 604 3143 do
627 3099 746 3144 nomen
768 3080 940 3164 quodlibet
962 3079 1018 3158 illi,

178 3179 252 3244 Nec
273 3202 387 3246 vereor
408 3204 450 3247 ne
472 3184 555 3251 dum
578 3181 672 3248 futuo
695 3184 744 3248 vir
766 3206 839 3251 rure
862 3193 1014 3261 recurrat,

179 3282 284 3347 lanua
306 3283 481 3368 frangatur,
504 3285 603 3350 latret
625 3286 724 3363 canis,
746 3289 889 3372 undique
913 3307 1035 3369 magno

180 3384 279 3448 Pulsa
301 3387 418 3453 domus
441 3391 581 3474 strepitu
603 3401 745 3468 resonet,
766 3391 929 3477 vepallida
953 3390 1040 3456 lecto

180 3488 323 3554 Desiliat
347 3490 469 3569 mulier,
492 3493 644 3556 miseram
668 3514 704 3556 se
726 3494 856 3556 conscia
878 3493 1007 3571 clamet,
1280 3515 1326 3563 1³0

182 3592 341 3658 Cruribus
364 3594 446 3658 haec
470 3604 606 3674 metuat,
628 3597 700 3660 doti
723 3597 893 3677 deprensa,
915 3609 1050 3680 egomet
1073 3599 1130 3660 mi.

181 3696 353 3762 Discincta
375 3698 486 3763 tunica
507 3697 702 3782 fugiendum
726 3709 775 3763 est
795 3720 833 3763 ac
856 3701 941 3783 pede
964 3701 1061 3775 nude,

182 3799 236 3864 Ne
258 3803 384 3865 nummi
407 3812 542 3885 pereant
565 3811 624 3867 aut
646 3823 735 3885 puga
758 3812 815 3868 aut
838 3803 979 3884 denique
1001 3803 1099 3866 fama.

182 3902 351 3987 Deprendi
375 3906 528 3970 miserum
552 3917 622 3982 est3
647 3907 752 3970 Fabio
774 3905 825 3971 vel
850 3906 955 3970 iudice
977 3906 1116 3970 vincam.

559 4224 960 4237 --——---—,
