3016 5026
546 384 636 449 LlB.
663 383 708 449 11.
754 382 857 450 SAT.
879 402 909 469 3.

153 555 284 621 Dicitur
307 576 352 621 ex
377 554 465 621 collo
488 555 599 620 furtim
623 555 783 639 carpsisse
805 577 953 634 coronas,

152 661 333 744 Postquam
357 672 407 727 est
430 661 590 743 impransi
613 671 784 743 correptus
806 682 888 725 voce
910 659 1083 744 magistri?

153 765 293 848 Porrigis
317 766 401 830 irato
424 786 527 847 puero
550 784 625 829 cum
648 785 749 849 poma
772 774 922 830 recusat:

152 867 285 947 ‘Sume
301 868 419 933 catelle
432 868 460 933 l'
490 879 610 952 negat:
641 869 667 932 si
691 888 758 931 non
780 868 849 946 des,
871 876 988 952 optet:
1019 877 1150 934 amator

152 972 319 1036 Exclusus
342 972 398 1054 qui
421 972 531 1049 distat,
554 972 625 1055 agit
647 972 705 1035 ubi
728 992 849 1049 secum,
873 982 927 1037 eat
950 993 993 1035 an
1016 992 1093 1050 nou,
1250 983 1300 1034 260

152 1074 230 1157 Quo
254 1076 416 1139 rediturus
438 1085 508 1139 erat
531 1095 597 1141 non
619 1076 803 1150 arcessitus,
825 1085 859 1140 et
882 1075 997 1141 haeret

153 1178 270 1242 Invisis
293 1179 440 1244 foribus?
470 1179 563 1243 ‘Nec
586 1199 681 1257 nunc,
704 1199 780 1244 cum
804 1199 857 1244 me
878 1188 975 1243 vocet
999 1178 1094 1257 ultro,

151 1280 348 1346 Accedam?
378 1303 422 1345 an
444 1282 555 1367 potius
580 1283 719 1347 mediter
741 1281 834 1348 finire
856 1282 1014 1347 dolores?

154 1384 330 1464 Exclusit:
361 1395 514 1451 revocat:
545 1387 706 1450 redeam?
750 1386 830 1451 Non
852 1386 880 1450 si
903 1382 1075 1451 obsecret!
1121 1384 1210 1450 Ecce

153 1486 274 1552 Servus
298 1508 364 1552 non
387 1489 487 1573 paulo
506 1490 705 1573 sapientior:
734 1490 788 1555 Ὀ
811 1488 897 1568 here,
921 1510 1081 1572 quaeres
1251 1500 1299 1566 265

153 1592 225 1655 Nec
249 1594 386 1656 modum
408 1592 510 1658 habet
532 1614 640 1676 neque
662 1594 835 1658 consilium
859 1593 986 1658 ratione
1009 1595 1177 1676 modoque

152 1695 303 1759 Tractari
326 1716 392 1759 non
414 1694 496 1762 volt.
544 1698 584 1760 In
607 1718 720 1761 amore
742 1697 824 1762 haec
846 1707 923 1761 sunt
947 1697 1043 1775 mala,
1065 1698 1199 1776 bellum,

153 1799 225 1863 Pax
248 1820 399 1864 rursum:
429 1800 512 1865 haec
530 1801 557 1864 si
580 1802 654 1883 quis
677 1802 885 1885 tempestatis
908 1822 1011 1886 prope
1033 1802 1096 1866 ritu

153 1903 291 1967 Mobilia
314 1912 347 1968 et
370 1924 467 1970 caeca
488 1904 652 1970 fluitantia
673 1916 761 1970 sorte
784 1903 913 1970 laboret

154 2007 309 2072 Reddere
331 2020 421 2075 certa
443 2009 515 2084 sibi,
539 2009 642 2072 nihilo
665 2010 740 2091 plus
763 2009 909 2093 explicet
931 2007 1019 2073 acsi

153 2110 299 2176 Insanire
321 2121 415 2196 paret
438 2122 527 2176 certa
550 2113 679 2177 ratione
701 2110 888 2196 modoque!

154 2214 256 2298 Quid,
279 2236 355 2279 cum
380 2216 509 2278 Picenis
532 2237 714 2300 excerpens
736 2219 864 2281 semina
886 2216 994 2300 pomis

153 2416 177 2458 et
189 2410 281 2458 localia
294 2443 299 2456 .
313 2443 319 2455 .
332 2444 338 2455 .
351 2407 405 2457 sola
421 2423 537 2457 excusare
548 2417 630 2474 potest
641 2409 707 2460 vale·
813 2409 977 2473 Suspiciones,
990 2410 1140 2468 inimicitiae,
1153 2409 1275 2471 induciae,

151 2473 229 2523 tudo?
814 2475 920 2535 Bellum,
938 2492 986 2539 pax
1003 2491 1114 2525 rursum:
1132 2475 1225 2524 incerta
1239 2477 1301 2525 hacc

187 2537 241 2601 256.
259 2553 384 2589 coronas.
418 2539 468 2588 Por
478 2539 510 2587 he
520 2555 572 2588 was
583 2540 707 2606 retnming
861 2540 1042 2604 sitnpostules

152 2605 215 2653 from
227 2621 242 2652 a
253 2605 318 2653 revel
327 2604 398 2653 when
409 2606 450 2654 the
463 2604 569 2654 incident
582 2607 705 2657 occurred.
813 2605 920 2654 Ratione
931 2615 999 2655 certo
1007 2605 1095 2666 faeere,
1104 2605 1156 2654 nilo
1165 2604 1221 2669 plus
1230 2607 1299 2669 agas,

188 2683 242 2732 ²⁵7·
263 2673 417 2727 impransi:
450 2685 490 2733 cp.
518 2669 570 2720 Sat.
593 2686 614 2720 2.
637 2685 658 2720 a.
679 2683 707 2736 7;
813 2670 973 2733 Quamsides
985 2681 1193 2735 operamnteum
1205 2672 1301 2720 ratione

152 2736 219 2784 ‘still
231 2734 338 2799 tasting)
862 2733 985 2785 insanias!

188 2803 233 2863 258
249 2801 308 2849 soll:
335 2800 390 2850 The
402 2802 471 2851 lover
482 2800 503 2850 is
514 2800 672 2852 likeachild
683 2801 708 2851 in
748 2799 795 2864 Cp.
813 2801 855 2851 the
890 2801 1164 2866 ictureinEpod.1r.
1204 2800 1301 2851 Persius

153 2866 191 2915 his
227 2867 427 2931 capriciousness,
454 2868 566 2931 wanting
592 2868 659 2917 what
686 2869 708 2917 is
747 2866 856 2916 imitatas
896 2865 1169 2930 oraeein5.161foll.

153 2933 256 2981 refused.
782 2932 836 2981 260.
855 2937 921 2990 sals.
957 2933 1007 2982 For
1027 2931 1070 2981 the
1093 2933 1255 2997 lengtheniug
1274 2932 1305 2982 ol

189 3013 200 3045 2
205 3012 242 3062 59.
255 3000 372 3048 eatena:
391 3013 407 3046 a
422 3005 484 3047 term
500 2998 529 3047 ol
541 2997 707 3048 endearment.
747 2997 802 3061 syll.
815 3013 855 3048 see
864 3014 898 3047 on
910 2998 962 3049 Sat.
979 3013 1000 3048 1.
1013 3014 1036 3060 4.
1049 3001 1088 3046 8².

154 3063 235 3111 Plaut.
249 3065 317 3111 Asin.
331 3077 353 3124 3.
372 3076 395 3124 3.
415 3077 459 3124 103
482 3064 572 3127 ‘igitur
589 3080 630 3113 me
649 3080 708 3113 aua·
781 3062 836 3113 2⁶1.
854 3064 893 3112 To
910 3065 952 3114 the
988 3064 1042 3113 lace
1058 3062 1171 3123 whither‚
1183 3062 1254 3112 when
1269 3063 1301 3113 he

155 3128 268 3188 ticulam,
281 3128 433 3185 columbam,
445 3129 484 3178 vel
497 3127 630 3178 catellum!
745 3144 797 3178 was
819 3135 864 3178 not
886 3129 947 3179 invit
980 3167 987 3191 ,
1010 3129 1042 3179 he
1063 3145 1114 3178 was
1135 3129 1251 3193 meaning
1273 3133 1301 3178 to

188 3194 308 3257 260-27n
328 3194 428 3242 Horace
445 3195 466 3243 is
476 3194 603 3258 recalling,
615 3193 708 3244 almost
745 3201 834 3244 return.

152 3259 271 3322 verbally,
284 3259 326 3308 the
346 3274 417 3308 scene
434 3266 460 3308 at
477 3259 519 3308 the
537 3260 671 3325 beginning
682 3260 711 3309 of
780 3259 835 3308 262.
853 3263 955 3310 invisis
964 3263 1084 3310 roribus:
1098 3259 1198 3308 ‘adnon
1207 3259 1303 3309 amicos

152 3325 194 3373 the
203 3325 335 3373 Eunuchus
342 3324 371 3372 ol
376 3324 492 3385 Terence,
499 3325 581 3375 where
586 3325 707 3374 Phaedria
745 3324 808 3376 henl
832 3327 894 3375 mihi
905 3334 990 3391 postes
1000 3335 1025 3376 et
1036 3326 1097 3376 heul
1115 3324 1216 3373 Limina
1223 3323 1302 3374 dura'

153 3391 175 3438 is
191 3391 311 3453 debating
325 3389 386 3437 with
402 3390 524 3439 Parmeno
546 3391 656 3441 whether
675 3392 707 3440 he
746 3391 931 3455 Epod.11.31.

153 3456 217 3503 shall
234 3472 268 3519 go
284 3454 349 3505 back
365 3462 392 3503 to
403 3455 486 3508 Thais,
503 3456 561 3504 who
577 3456 622 3506 has
641 3472 707 3505 snm·
778 3471 830 3506 nee
848 3473 933 3507 nuno.
966 3457 1021 3507 The
1038 3455 1179 3533 equivalent
1198 3454 1228 3505 oi
1240 3456 1301 3505 Ter·

152 3521 243 3569 moned
255 3520 307 3569 him
316 3520 377 3568 aster
387 3519 519 3585 excluding
529 3522 581 3570 him
593 3522 656 3570 from
664 3522 709 3571 her
746 3520 825 3571 ence's
854 3528 901 3571 ‘ne
931 3538 1002 3598 nunc·
1024 3519 1141 3586 qmdem.’
1184 3522 1209 3600 it
1235 3530 1301 3600 must

152 3585 662 3714 tlttnhellarttltttn
678 3667 709 3702 a
745 3586 1302 3712 :mensurarentur

267 3732 333 3765 nnnc
344 3716 443 3780 quidem
746 3717 925 3830 ‘nequidem'
943 3717 1023 3766 which
1040 3718 1141 3766 became
1160 3717 1302 3766 alterwards

219 3782 302 3845 Quom
315 3797 423 3831 arcessor
434 3782 519 3831 ultro?
535 3782 662 3846 anpotius
674 3782 710 3831 ita
745 3783 816 3831 estab
828 3783 905 3832 iahed.
939 3782 1300 3832 SeeMadrchiedefin.

268 3863 307 3896 me
319 3862 469 3911 comparem,
489 3849 492 3856 '
749 3859 770 3895 1.
782 3860 820 3894 11.
834 3861 873 3911 39,
885 3848 933 3896 and
945 3863 1036 3897 excurs.
1049 3848 1083 3896 iii.
1108 3847 1187 3896 Bentl.
1199 3847 1301 3895 defends

219 3913 277 3962 Non
297 3915 392 3977 perpeti
409 3913 564 3962 meretricum
581 3919 709 3962 contnme·
747 3911 884 3962 ‘ne-nunc’
897 3913 933 3978 (in
943 3913 984 3962 the
992 3928 1060 3962 sarne
1068 3911 1301 3977 sense),whichhas

267 3978 333 4027 liasl
746 3977 795 4027 less
818 3988 919 4043 support
942 3979 966 4027 in
989 3979 1031 4029 the
1050 3978 1133 4038 Mss,
1151 3978 1199 4027 and
1218 3975 1300 4028 which

220 4044 345 4093 Exclusit:
358 4050 470 4093 revocat:
488 4043 585 4093 redeam
595 4044 604 4091 l
615 4059 673 4103 non,
687 4044 707 4093 si
746 4043 832 4093 Madv.
844 4045 924 4093 shows
935 4051 961 4092 to
973 4044 1004 4092 be
1015 4059 1109 4106 wrong.

268 4124 308 4156 me
320 4109 437 4159 obsecret.
781 4107 835 4170 265.
853 4124 965 4159 servus:
982 4109 1111 4157 Parmeno.

156 4176 218 4223 Par.
238 4175 313 4230 Here,
336 4190 401 4238 quae
417 4191 455 4223 res
471 4175 496 4223 in
514 4189 540 4223 se
556 4190 636 4240 neque
649 4191 708 4225 con·
781 4174 835 4222 268.
853 4178 1029 4230 tempestatis
1048 4179 1115 4223 ritu.
1149 4172 1199 4221 Od.
1219 4185 1241 4232 3.
1260 4187 1299 4237 29.

268 4241 350 4288 silium
362 4256 441 4305 neque
453 4240 556 4288 modum
746 4244 791 4302 33‘
801 4240 888 4289 Cetera
895 4239 1001 4289 fluminis
1014 4240 1074 4288 Ritu
1081 4236 1204 4287 seruntur’
1211 4253 1219 4297 ;
1231 4240 1274 4288 ‘as
1284 4253 1301 4288 a

221 4305 305 4354 llabet
327 4305 414 4365 ullum,
434 4322 490 4355 earn
508 4306 613 4355 consilio
624 4322 708 4372 regere
745 4315 821 4355 storm
833 4306 892 4353 rises
902 4306 951 4353 and
960 4305 1017 4354 lalls
1028 4302 1120 4369 again.'

267 4378 408 4434 nonpotes.
780 4382 835 4434 270.
852 4373 991 4427 explicet:
1026 4368 1218 4433 ‘disentangle,'
1246 4369 1300 4419 ‘re-

220 4436 248 4484 In
260 4451 342 4484 amore
359 4437 419 4487 haec
436 4437 520 4486 omnia
536 4437 620 4488 insunt
630 4438 707 4490 vitia:
745 4436 807 4486 duce
818 4443 845 4485 to
856 4433 943 4485 order?

267 4501 379 4564 iniuriae,
780 4513 837 4568 ²7²·
854 4504 925 4561 qnid
944 4516 1023 4554 oum:
1049 4499 1102 4555 Sat.
1119 4514 1141 4552 r.
1155 4498 1231 4565 noa,
1248 4500 1300 4551 like
