3320 5146
311 457 353 526 μ
622 441 830 506 nonant
862 441 1154 510 sarnanum

313 615 398 679 Rem
422 615 523 699 patris
546 615 712 693 oblimare,
736 615 860 679 malum
883 624 934 680 est
956 615 1153 697 ubicunque.
1199 613 1291 699 Quid
1316 615 1401 679 inter

313 718 376 781 Est
399 719 431 782 in
455 729 614 796 matrona,
636 718 762 796 ancilla,
785 739 943 802 peccesne
965 718 1105 802 togata?

311 821 431 884 Villius
454 823 487 886 in
511 823 634 887 Fausta
656 821 770 888 Sullae
793 843 901 906 gener,
924 824 989 886 hoc
1013 823 1110 886 miser
1133 841 1200 885 uno

314 926 458 989 Nomine
481 929 647 1011 deceptus,
670 947 794 1010 poenas
815 926 909 989 dedit
931 945 1036 1007 usque
1058 945 1221 1008 superque
1429 935 1461 1000 65

314 1029 425 1112 Quam
449 1032 529 1095 satis
550 1042 610 1109 est,
633 1031 750 1115 pugnis
773 1051 887 1095 caesus
908 1030 1058 1112 ferroque
1082 1029 1212 1112 petitus,

316 1133 482 1198 Exclusus
505 1135 574 1199 iore
596 1156 670 1199 cum
694 1134 910 1218 Longarenus
932 1133 1015 1198 soret
1039 1134 1136 1198 intus.

314 1237 404 1301 Huic
426 1239 453 1302 si
477 1239 621 1303 mutonis
643 1240 750 1304 verbis
773 1238 861 1302 mala
884 1247 979 1301 tanta
1000 1237 1143 1302 videntis

314 1342 448 1406 Diceret
470 1342 552 1406 haec
573 1344 723 1407 animus:
746 1343 853 1426 ‘Quid
875 1341 925 1404 vis
947 1341 1031 1405 tibi?
1061 1340 1223 1423 numquid
1247 1360 1310 1424 ego
1333 1361 1353 1404 a
1376 1349 1410 1403 te

317 1444 442 1528 Magno
465 1456 662 1530 prognatum
685 1449 831 1528 deposco
854 1444 988 1510 consule
1011 1464 1157 1509 cunnum
1429 1466 1461 1519 70

311 1549 534 1632 Velatumque
557 1548 643 1614 stola
667 1570 739 1614 mea
761 1569 836 1614 cum
859 1549 1041 1614 conferbuit
1065 1548 1112 1612 ira
1127 1543 1157 1614 'i

313 1652 405 1735 Quid
430 1653 667 1736 responderet?
711 1653 857 1734 ‘Magno
879 1663 972 1736 patre
996 1662 1073 1716 nata
1096 1649 1207 1735 puella
1229 1647 1298 1715 est?

313 1754 363 1819 At
387 1766 511 1838 quanto
535 1756 670 1821 meliora
693 1767 806 1821 monet
829 1757 1077 1839 pugnantiaque
1100 1756 1170 1819 istis

315 1860 419 1923 Dives
441 1861 516 1944 opis
538 1871 653 1924 natura
676 1881 762 1936 suae,
786 1871 822 1924 tu
846 1861 872 1923 si
895 1861 996 1924 modo
1019 1869 1109 1922 recte

315 1963 514 2047 Dispensare
537 1964 616 2027 uelis
638 1985 676 2027 ac
701 1984 767 2028 non
789 1963 943 2046 fugienda
966 1962 1117 2046 petendis

315 2067 513 2131 lmmiscere.
559 2067 635 2132 Tuo
657 2069 740 2134 vitio
763 2087 915 2131 rerumne
937 2066 1067 2130 labores

316 2171 372 2234 Nil
395 2172 514 2236 referre
535 2169 653 2255 putas?
699 2171 812 2254 Quare
834 2192 874 2235 ne
897 2173 1065 2254 paeniteat
1088 2179 1122 2233 te

317 2275 439 2338 Desine
463 2285 630 2339 matronas
652 2276 814 2352 sectarier,
837 2276 924 2338 unde
947 2273 1069 2338 laboris

315 2378 393 2442 Plus
416 2379 545 2443 haurire
568 2378 644 2443 mali
662 2388 712 2444 est
735 2399 834 2462 quam
857 2399 901 2442 ex
925 2398 959 2442 re
982 2378 1159 2460 decerpere
1181 2375 1314 2441 fructus.

315 2483 388 2547 Nee
410 2484 515 2566 magis
537 2483 613 2549 huic
636 2484 720 2547 inter
741 2484 853 2547 niveos
875 2483 1061 2564 viridesque
1084 2479 1215 2563 lapillos
1428 2491 1462 2541 80

314 2584 381 2670 (Sit
404 2586 480 2652 licet
502 2585 574 2665 hoc,
598 2587 761 2663 Cerinthe,
784 2584 893 2670 tuum)
916 2596 1065 2650 tenerum
1089 2594 1140 2648 est
1162 2583 1271 2648 femur
1293 2591 1352 2647 aut
1375 2601 1449 2647 crus

316 2692 461 2769 Rectius,
483 2702 583 2775 atque
605 2692 705 2756 etiam
728 2689 843 2754 melius
865 2711 1024 2773 persaepe
1045 2698 1182 2770 togatae
1203 2696 1264 2751 est.

314 2796 415 2861 Adde
438 2797 501 2861 huc
524 2797 614 2878 quod
638 2814 780 2860 mercem
803 2796 873 2858 sine
895 2794 977 2858 sucis
994 2801 1112 2875 gestat,
1135 2800 1249 2874 aperte

314 2900 416 2983 Quod
438 2897 555 2963 venale
575 2897 677 2962 habet
699 2897 853 2974 ostendit,
876 2916 936 2962 nec
958 2898 986 2960 si
1009 2896 1088 2978 quid
1111 2894 1242 2958 honesti
1264 2901 1316 2958 est
1465 2968 1470 2978 ,

316 3005 423 3068 Iactat
446 3003 611 3083 habetque
634 2999 752 3084 palam,
774 3001 903 3083 quaerit
926 3020 992 3082 quo
1015 2998 1123 3080 turpia
1146 2995 1240 3061 celet.
1429 3007 1460 3072 85

316 3107 466 3189 Regibus
488 3105 541 3170 hic
565 3125 638 3168 mos
660 3113 731 3166 est:
764 3104 820 3169 ubi
842 3122 946 3185 equos
970 3110 1156 3166 mercantur
1177 3107 1311 3183 opertos

318 3211 510 3295 Inspiciunt,
534 3209 624 3272 nesi
647 3207 747 3273 facies
771 3221 807 3270 ut
830 3227 928 3288 saepe
950 3207 1071 3270 decora

317 3314 413 3378 Molli
436 3313 518 3378 fulta
541 3314 626 3397 pede
648 3321 699 3375 est
722 3321 906 3393 emptorem
931 3311 1064 3374 inducat
1086 3308 1243 3384 hiantem,

316 3420 417 3503 Quod
440 3417 593 3502 pulchrae
615 3415 735 3491 clunes,
757 3414 855 3479 breve
879 3416 969 3497 quod
992 3423 1099 3497 caput,
1122 3413 1226 3476 ardua
1249 3411 1369 3476 cervix.

317 3525 395 3589 Hoc
418 3521 464 3585 illi
488 3529 594 3585 recte:
625 3541 666 3582 ne
688 3518 835 3601 corporis
857 3519 984 3602 optima
1008 3517 1133 3600 Lyncei
1427 3539 1461 3590 90

315 3625 550 3708 Contemplere
572 3622 681 3699 oculis,
705 3622 865 3705 Hypsaea
887 3623 1014 3686 caecior
1036 3620 1092 3687 illa
1186 3627 1190 3639 '

316 3731 413 3814 Quae
436 3728 522 3793 mala
541 3737 618 3791 sunt
640 3736 778 3809 spectes.
824 3725 855 3790 Ο
878 3724 973 3790 crus!
996 3746 1017 3788 o
1040 3724 1194 3790 brachial
1239 3723 1364 3786 Verum

318 3834 477 3917 Depugis,
500 3841 627 3906 nasuta,
648 3830 738 3894 brevi
762 3828 864 3894 latere
886 3851 924 3894 ac
948 3830 1033 3913 pede
1053 3828 1153 3912 longo
1176 3834 1237 3891 est.

319 3939 492 4002 Matronae
514 3943 644 4020 praeter
665 3933 780 3998 faciem
803 3932 848 3998 nil
871 3954 1000 4000 cernere
1023 3933 1137 4017 possis,

318 4043 445 4120 Cetera,
465 4041 497 4104 ni
521 4037 618 4105 Catia
641 4046 699 4114 est,
722 4038 864 4102 demissa
885 4047 978 4102 veste
1000 4035 1151 4120 tegentis.

319 4145 354 4211 Si
379 4145 548 4209 interdicta
569 4150 671 4224 petes,
693 4140 781 4206 vallo
803 4141 1007 4206 circumdata
1030 4137 1120 4223 (nam
1143 4147 1178 4202 te

319 4250 397 4313 Hoc
418 4248 494 4311 facit
518 4243 691 4330 insanum),
715 4244 838 4310 multae
861 4245 920 4309 tibi
943 4253 1015 4308 tum
1038 4241 1181 4305 officient
1205 4258 1264 4314 res,

318 4351 491 4428 Custodes,
514 4350 637 4428 lectica,
659 4349 836 4427 ciniflones,
859 4348 1030 4431 parasitae,

319 4454 375 4520 Ad
399 4453 484 4519 talos
506 4452 590 4518 stola
613 4454 758 4518 demissa
779 4461 812 4516 et
835 4451 1037 4515 circumdata
1060 4445 1156 4532 palla,

318 4557 462 4624 Plurima
483 4578 571 4642 quae
591 4558 759 4622 invideant
782 4575 863 4642 pure
884 4571 1042 4640 apparere
1064 4551 1124 4616 tibi
1146 4569 1226 4616 rem.
1412 4573 1460 4610 roo
