3016 5026
580 275 668 388 arn.
693 324 719 386 1.
764 321 867 389 snr.
891 341 919 389 2.

175 494 301 579 Inguen
324 494 367 559 ad
390 496 592 560 obscoenum
614 496 787 559 subductis
811 515 914 577 usque
936 494 1083 571 facetus3
1126 529 1128 533 ·

174 598 328 663 Pastillos
352 598 494 662 Rufillus
516 598 592 677 olet,
615 598 804 679 Gargonius
826 598 963 662 hircum.

174 702 232 766 Nil
255 703 401 766 medium
427 713 487 767 est.
534 701 619 767 Sunt
642 702 699 784 qui
723 701 830 766 nolint
854 702 1001 785 tetigisse
1023 702 1084 766 nisi
1108 701 1180 767 illas

175 805 326 888 Quarum
349 806 487 870 subsuta
510 805 594 870 talos
616 815 708 889 tegat
731 806 845 870 instita
866 816 981 884 veste3

176 908 301 972 Contra
323 908 405 973 alius
427 906 552 972 nullam
575 910 636 973 nisi
660 909 761 972 olenti
785 910 818 972 in
842 909 963 974 fornice
981 920 1134 975 stantem.

174 1012 321 1095 Quidam
345 1023 443 1077 notus
466 1011 569 1078 homo
592 1033 666 1077 cum
689 1014 796 1076 exiret
818 1012 948 1089 somice,
972 1013 1105 1078 ‘Macte

175 1115 308 1180 Virtute
330 1112 422 1190 est0,’
446 1117 551 1198 inquit
574 1117 736 1180 sententia
759 1117 814 1179 dia
837 1112 985 1194 Catonis,

176 1219 287 1283 ‘Nam
311 1219 407 1283 simul
430 1240 468 1285 ac
490 1240 591 1284 venas
614 1219 740 1283 inflavit
764 1228 849 1284 tetra
873 1219 976 1284 libido

177 1323 255 1387 Huc
278 1323 410 1386 iuvenes
432 1343 575 1405 aequum
599 1333 648 1387 est
672 1324 879 1397 descendere,
902 1342 968 1386 non
990 1322 1114 1388 alienas

177 1425 364 1490 Permolere
387 1424 526 1490 uxores'
571 1426 706 1489 ‘Nolim
729 1421 910 1502 laudarier,’
934 1425 1050 1508 inquit,

175 1530 249 1594 ‘Sic
273 1528 343 1605 me,’
366 1529 501 1594 mirator
523 1528 620 1594 cunni
644 1529 845 1612 Cupiennius
868 1529 944 1593 albi.

175 1632 305 1698 Audire
327 1643 377 1697 est
400 1653 520 1717 operae
543 1633 694 1716 pretium,
716 1634 895 1716 procedere
920 1643 1007 1697 recte

177 1736 243 1820 Qui
267 1736 412 1800 moechis
434 1757 499 1801 non
523 1737 634 1813 vultis,
657 1747 694 1801 ut
717 1737 809 1799 omni
832 1748 926 1819 parte
949 1736 1119 1813 laborent;

177 1842 292 1924 thue
315 1841 377 1904 illis
400 1840 507 1903 multo
530 1851 683 1921 corrupta
706 1839 821 1905 dolore
844 1840 1007 1925 voluptas,

175 1945 291 2028 Atque
313 1944 394 2009 haec
418 1965 489 2007 rara
511 1945 609 2008 cadat
632 1944 713 2008 dura
738 1945 823 2008 inter
845 1965 945 2027 saepe
967 1945 1096 2027 pericla.

177 2049 243 2112 Hic
265 2070 301 2112 se
323 2049 536 2132 praecipitem
559 2057 649 2112 tecto
671 2048 783 2126 dedit;
818 2048 872 2112 ille
894 2047 1033 2131 flagellis

175 2153 233 2217 Ad
258 2163 399 2217 mortem
424 2173 557 2229 caesus;
587 2152 715 2235 lugiens
737 2151 790 2216 hic
813 2153 936 2216 decidit
959 2173 1068 2218 acrem

178 2258 383 2322 Praedonum
407 2256 439 2318 in
462 2255 615 2332 turbam3
645 2255 738 2318 dedit
761 2254 814 2319 hic
838 2277 898 2338 pro
920 2277 1058 2338 corpore
1081 2277 1253 2333 nummos;

177 2361 275 2424 Hunc
298 2361 545 2443 perminxerunt
568 2358 723 2436 calones3
753 2360 832 2441 quin
855 2361 956 2424 etiam
980 2360 1061 2424 illud

175 2464 319 2541 Accidit,
341 2473 377 2527 ut
400 2464 536 2546 quidam
560 2472 661 2527 testes
683 2464 890 2546 caudamque
912 2464 1055 2528 salacem

178 2568 370 2634 Demeteret
394 2566 488 2631 ferro.
535 2567 629 2630 ‘Iure
642 2562 660 2590 ''
673 2587 807 2642 omnes3
838 2566 946 2631 Galba
970 2570 1123 2651 negabat.

176 2671 295 2736 Tutior
316 2681 351 2735 at
375 2681 499 2754 quanto
523 2691 616 2733 merx
640 2681 689 2735 est
713 2672 745 2735 in
768 2671 872 2736 classe
895 2672 1045 2747 secunda,

177 2775 419 2839 Libertinarum
443 2774 526 2850 dico,
551 2773 728 2839 Sallustius
750 2775 783 2838 in
806 2795 890 2858 quas

176 2879 255 2943 Non
279 2881 386 2942 minus
409 2879 529 2942 insanit
552 2899 651 2961 quam
676 2879 732 2961 qui
756 2878 959 2944 moechatur.
1005 2879 1054 2943 At
1077 2878 1129 2943 hic
1153 2880 1179 2942 si

176 2981 253 3065 Qua
276 3003 334 3059 res,
357 3003 423 3065 qua
446 2983 531 3047 ratio
554 2985 714 3060 suaderet,
737 3003 869 3066 quaque
893 2984 1042 3048 modeste

177 3085 335 3149 Munifico
358 3106 428 3149 esse
451 3086 535 3162 licet,
558 3086 659 3150 vellet
683 3087 788 3151 bonus
811 3096 912 3169 atque
935 3089 1095 3170 benignus

176 3189 268 3266 Esse,
291 3191 385 3254 daret
407 3200 567 3273 quantum
591 3191 671 3254 satis
694 3202 778 3256 esset
801 3212 860 3256 nec
883 3192 945 3255 sibi
969 3193 1092 3255 damno

176 3293 407 3377 Dedecorique
429 3295 522 3358 soret.
566 3293 692 3358 Verum
716 3294 779 3358 hoc
802 3316 837 3359 se
859 3294 1071 3377 amplectitur
1093 3316 1166 3370 uno,

177 3398 252 3463 Hoc
274 3408 365 3462 amat
387 3407 421 3461 et
444 3397 577 3461 laudat:
602 3397 813 3462 ‘Matronam
837 3397 960 3462 nullam
984 3419 1047 3481 ego
1069 3397 1192 3481 tango!

176 3502 226 3566 Ut
249 3503 417 3584 quondam
438 3501 617 3578 Marsaeus,
639 3512 769 3566 amator
792 3501 935 3585 Originis
958 3501 1022 3577 ille,

175 3604 244 3687 Qui
265 3605 409 3689 patrium
433 3607 555 3668 mimae
576 3607 680 3669 donat
703 3604 907 3688 fundumque
929 3604 1106 3688 laremque,

175 3706 255 3770 ‘Nil
277 3707 372 3772 suerit
396 3705 459 3785 mi,’
483 3708 597 3790 inquit,
621 3712 712 3772 ‘curn
737 3709 898 3773 uxoribus
921 3730 1064 3792 unquam
1088 3708 1221 3775 alienis’

175 3811 299 3875 Verum
323 3821 374 3876 est
397 3832 472 3875 cum
497 3811 614 3888 mimis,
637 3820 687 3876 est
710 3832 784 3876 curn
809 3812 1042 3888 meretricibus,
1065 3815 1152 3876 unde

176 3915 281 3978 Fama
305 3914 429 3978 malum
452 3916 582 3997 gravius
604 3936 705 3998 quarn
729 3936 780 3978 res
803 3916 913 3979 trahit.
960 3915 1018 3978 An
1041 3916 1102 3979 tibi
1126 3915 1259 3979 abunde

177 4018 356 4081 Personam
380 4019 460 4081 satis
483 4028 541 4095 est,
564 4039 630 4083 non
655 4018 733 4082 illud
756 4019 913 4101 quicquid
938 4019 1060 4101 ubique
1290 4031 1324 4082 60

176 4120 290 4186 officit
313 4122 462 4186 evitare?
507 4121 634 4185 Bonam
659 4123 838 4204 deperdere
862 4122 992 4198 lamam,

211 4306 248 4357 26.
266 4311 392 4359 facetus:
415 4310 434 4358 it
453 4309 473 4358 is
492 4307 532 4358 his
554 4307 610 4358 idea
632 4309 661 4357 os
680 4308 730 4357 ele·
771 4308 884 4384 lozenges
901 4316 983 4358 meant
1001 4308 1156 4383 to'pcrt'ume
1172 4308 1214 4359 tlte
1230 4307 1324 4359 breatlr.

174 4388 260 4437 gance.
771 4374 826 4423 The
838 4373 887 4423 ltne
899 4375 920 4422 is
931 4375 1022 4438 quoted
1035 4390 1059 4422 ru
1075 4389 1094 4423 1.
1104 4390 1126 4436 4.
1139 4388 1169 4438 9²
1183 4391 1210 4423 as
1222 4391 1236 4424 s
1247 4376 1325 4440 speci·

212 4443 406 4503 27.puru10·,
429 4439 491 4491 uim.
519 4439 549 4489 ol
574 4437 676 4506 ‘panis'
704 4440 734 4489 oi
771 4441 868 4490 menos
878 4438 1120 4504 Horace'spersonal
1131 4441 1211 4490 satire.
